@manual{MAX7219,
	author			= {MAX7219},
	title			= {LEDs display driver},
	type			= {DataSheet v4},
	organization	= {Maxim Integrated},
	address			= {Maxim Integrated. San Jose, CA 95134 USA},
	year			= 2003,
	note			= {Link: \href{https://datasheets.maximintegrated.com/en/ds/MAX7219-MAX7221.pdf}{Datasheet}}
}

@unpublished{CodifChar,
	author			= {8859-1},
	title			= {Codificación del alfabeto latino},
	type			= {Estandar},
	organization	= {ISO/IEC 8859-1:1998},
	year			= 1998,
	note			= {Link: \href{https://es.wikipedia.org/wiki/ISO/IEC_8859-1}{Más información}}
}

@unpublished{ESP8266Datasheet,
	author			= {Espressif},
	title			= {ESP8266EX Datasheet},
	type			= {DataSheet v4},
	year			= 2016,
	note			= {Link: \href{http://espressif.com/sites/default/files/documentation/0a-esp8266ex_datasheet_en.pdf}{Más información}}
}

@unpublished{NodeMCU,
	title			= {NodeMCU Development Kit},
	type			= {DataSheet v4},
	year			= 2017,
	note			= {Link: \href{https://github.com/nodemcu/nodemcu-devkit-v1.0}{Más información}}
}

@unpublished{TLS,
	author			= {IETF},
	title			= {The Transport Layer Security (TLS) Protocol Version 1.2},
	year			= 2008,
	organization	= {Internet Engineering Task Force},
	note			= {Link: \href{https://tools.ietf.org/html/rfc5246}{Más información}}
}
@COMMENT{https://en.wikibooks.org/wiki/LaTeX/Bibliography_Management#BibTeX}
